/home/alex/Meta/templates/tex/references.bib